%% Journal article
@inproceedings{bonomi2012fog,
  title={Fog computing and its role in the internet of things},
  author={Bonomi, Flavio and Milito, Rodolfo and Zhu, Jiang and Addepalli, Sateesh},
  booktitle={Proceedings of the first edition of the MCC workshop on Mobile cloud computing},
  pages={13--16},
  year={2012}
}
@article{chiang2016fog,
  title={Fog and IoT: An overview of research opportunities},
  author={Chiang, Mung and Zhang, Tao},
  journal={IEEE Internet of things journal},
  volume={3},
  number={6},
  pages={854--864},
  year={2016},
  publisher={IEEE}
}
@inproceedings{yi2015survey,
  title={A survey of fog computing: concepts, applications and issues},
  author={Yi, Shanhe and Li, Cheng and Li, Qun},
  booktitle={Proceedings of the 2015 workshop on mobile big data},
  pages={37--42},
  year={2015}
}
@inproceedings{yi2015security,
  title={Security and privacy issues of fog computing: A survey},
  author={Yi, Shanhe and Qin, Zhengrui and Li, Qun},
  booktitle={Wireless Algorithms, Systems, and Applications: 10th International Conference, WASA 2015, Qufu, China, August 10-12, 2015, Proceedings 10},
  pages={685--695},
  year={2015},
  organization={Springer}
}

@incollection{nair2023ai,
  title={AI, IoT, blockchain, and cloud computing: The necessity of the future},
  author={Nair, Meghna Manoj and Tyagi, Amit Kumar},
  booktitle={Distributed Computing to Blockchain},
  pages={189--206},
  year={2023},
  publisher={Elsevier}
}

@article{mao2017survey,
  title={A survey on mobile edge computing: The communication perspective},
  author={Mao, Yuyi and You, Changsheng and Zhang, Jun and Huang, Kaibin and Letaief, Khaled B},
  journal={IEEE communications surveys \& tutorials},
  volume={19},
  number={4},
  pages={2322--2358},
  year={2017},
  publisher={IEEE}
}

@article{junejo2019trustee,
  title={Trustee: A trust management system for fog-enabled cyber physical systems},
  author={Junejo, Aisha Kanwal and Komninos, Nikos and Sathiyanarayanan, Mithileysh and Chowdhry, Bhawani Shankar},
  journal={IEEE transactions on emerging topics in computing},
  volume={9},
  number={4},
  pages={2030--2041},
  year={2019},
  publisher={IEEE}
}
@inproceedings{caminha2018smart,
  title={A smart middleware to perform semantic discovery and trust evaluation for the Internet of Things},
  author={Caminha, Jean and Perkusich, Angelo and Perkusich, Mirko},
  booktitle={2018 15th IEEE Annual Consumer Communications \& Networking Conference (CCNC)},
  pages={1--2},
  year={2018},
  organization={IEEE}
}
@article{najib2019survey,
  title={Survey on trust calculation methods in Internet of Things},
  author={Najib, Warsun and Sulistyo, Selo and others},
  journal={Procedia Computer Science},
  volume={161},
  pages={1300--1307},
  year={2019},
  publisher={Elsevier}
}
@inproceedings{castro1999practical,
  title={Practical byzantine fault tolerance},
  author={Castro, Miguel and Liskov, Barbara and others},
  booktitle={OsDI},
  volume={99},
  number={1999},
  pages={173--186},
  year={1999}
}

@article{wang2013internet,
  title={Internet traffic classification using constrained clustering},
  author={Wang, Yu and Xiang, Yang and Zhang, Jun and Zhou, Wanlei and Wei, Guiyi and Yang, Laurence T},
  journal={IEEE transactions on parallel and distributed systems},
  volume={25},
  number={11},
  pages={2932--2943},
  year={2013},
  publisher={IEEE}
}
@article{ni2017securing,
  title={Securing fog computing for internet of things applications: Challenges and solutions},
  author={Ni, Jianbing and Zhang, Kuan and Lin, Xiaodong and Shen, Xuemin},
  journal={IEEE Communications Surveys \& Tutorials},
  volume={20},
  number={1},
  pages={601--628},
  year={2017},
  publisher={IEEE}
}
@article{rahman2020find,
  title={Find my trustworthy fogs: A fuzzy-based trust evaluation framework},
  author={Rahman, Fatin Hamadah and Au, Thien-Wan and Newaz, SH Shah and Suhaili, Wida Susanty and Lee, Gyu Myoung},
  journal={Future Generation Computer Systems},
  volume={109},
  pages={562--572},
  year={2020},
  publisher={Elsevier}
}
@article{al2021subjective,
  title={Subjective logic-based trust model for fog computing},
  author={Al Muhtadi, Jalal and Alamri, Rawan A and Khan, Farrukh Aslam and Saleem, Kashif},
  journal={Computer Communications},
  volume={178},
  pages={221--233},
  year={2021},
  publisher={Elsevier}
}
@inproceedings{hussain2018trfiot,
  title={TRFIoT: Trust and reputation model for fog-based IoT},
  author={Hussain, Yasir and Huang, Zhiqiu},
  booktitle={Cloud Computing and Security: 4th International Conference, ICCCS 2018, Haikou, China, June 8-10, 2018, Revised Selected Papers, Part VI 4},
  pages={187--198},
  year={2018},
  organization={Springer}
}
@article{hussain2020context,
  title={Context-aware trust and reputation model for fog-based IoT},
  author={Hussain, Yasir and Zhiqiu, Huang and Akbar, Muhammad Azeem and Alsanad, Ahmed and Alsanad, Abeer Abdul-Aziz and Nawaz, Asif and Khan, Izhar Ahmed and Khan, Zaheer Ullah},
  journal={IEEE Access},
  volume={8},
  pages={31622--31632},
  year={2020},
  publisher={IEEE}
}
@article{adewuyi2019ctrust,
  title={CTRUST: A dynamic trust model for collaborative applications in the Internet of Things},
  author={Adewuyi, Anuoluwapo A and Cheng, Hui and Shi, Qi and Cao, Jiannong and MacDermott, {\'A}ine and Wang, Xingwei},
  journal={IEEE Internet of Things Journal},
  volume={6},
  number={3},
  pages={5432--5445},
  year={2019},
  publisher={IEEE}
}
@article{wang2020novel,
  title={A novel trust mechanism based on fog computing in sensor--cloud system},
  author={Wang, Tian and Zhang, Guangxue and Bhuiyan, Md Zakirul Alam and Liu, Anfeng and Jia, Weijia and Xie, Mande},
  journal={Future Generation Computer Systems},
  volume={109},
  pages={573--582},
  year={2020},
  publisher={Elsevier}
}

%%============================================================================%%
%% while using chicago reference style, both abbreviated and expanded form of %%
%% author name format is acceptable. Refer below example for expanded form    %%
%%============================================================================%%

%%  author		= "{Cameron, Deborah}", - single author
%%  author		= "{Saito, Yukio} and {Hyuga, Hiroyuki}", - double author 

%%======================================%%
%% Example for author names with suffix %%
%%======================================%%

%%  author		= "{Price, R. A. Jr} and {Curry, N. {III}} and McCann, K. E. and 
%%					Fielding, J. L. and {Abercrombie, E. Jr}",
